@article{TV-21,
  title = {Quantum critical systems with dissipative boundaries},
  author = {Tarantelli, Francesco and Vicari, Ettore},
  journal = {Phys. Rev. B},
  volume = {104},
  pages = {075140},
  numpages = {13},
  year = {2021},
  doi = {10.1103/PhysRevB.104.075140},
  publisher = {American Physical Society},
}

@article{kibble1976topology,
  title={Topology of cosmic domains and strings},
  author={Kibble, Thomas WB},
  journal={Journal of Physics A: Mathematical and General},
  volume={9},
  number={8},
  pages={1387},
  year={1976},
  publisher={IOP Publishing}
}

@article{kibble1980some,
  title={Some implications of a cosmological phase transition},
  author={Kibble, Tom WB},
  journal={Physics Reports},
  volume={67},
  number={1},
  pages={183--199},
  year={1980},
  publisher={Elsevier}
}


@article{zurek1985cosmological,
  title={Cosmological experiments in superfluid helium?},
  author={Zurek, Wojciech H},
  journal={Nature},
  volume={317},
  number={6037},
  pages={505--508},
  year={1985},
  publisher={Nature Publishing Group UK London}
}


@article{zurek1996cosmological,
  title={Cosmological experiments in condensed matter systems},
  author={Zurek, Wojciech H},
  journal={Physics Reports},
  volume={276},
  number={4},
  pages={177--221},
  year={1996},
  publisher={Elsevier}
}

@article{rossini2021coherent,
  title={Coherent and dissipative dynamics at quantum phase transitions},
  author={Rossini, Davide and Vicari, Ettore},
  journal={Physics Reports},
  volume={936},
  pages={1--110},
  year={2021},
  publisher={Elsevier}
}

@article{zurek2005dynamics,
  title={Dynamics of a quantum phase transition},
  author={Zurek, Wojciech H and Dorner, Uwe and Zoller, Peter},
  journal={Physical review letters},
  volume={95},
  number={10},
  pages={105701},
  year={2005},
  publisher={APS}
}

@article{dziarmaga2005dynamics,
  title={Dynamics of a quantum phase transition: Exact solution of the quantum Ising model},
  author={Dziarmaga, Jacek},
  journal={Physical review letters},
  volume={95},
  number={24},
  pages={245701},
  year={2005},
  publisher={APS}
}

@article{vitanov1996landau,
  title={Landau-Zener model: Effects of finite coupling duration},
  author={Vitanov, NV and Garraway, BM},
  journal={Physical Review A},
  volume={53},
  number={6},
  pages={4288},
  year={1996},
  publisher={APS}
}

@article{lagnese2022quenches,
  title={Quenches and confinement in a heisenberg--ising spin ladder},
  author={Lagnese, Gianluca and Surace, Federica Maria and Kormos, M{\'a}rton and Calabrese, Pasquale},
  journal={Journal of Physics A: Mathematical and Theoretical},
  volume={55},
  number={12},
  pages={124003},
  year={2022},
  publisher={IOP Publishing}
}


@article{vitanov1999transition,
  title={Transition times in the Landau-Zener model},
  author={Vitanov, NV},
  journal={Physical Review A},
  volume={59},
  number={2},
  pages={988},
  year={1999},
  publisher={APS}
}


@article{pelissetto2017dynamic,
  title={Dynamic finite-size scaling at first-order transitions},
  author={Pelissetto, Andrea and Vicari, Ettore},
  journal={Physical Review E},
  volume={96},
  number={1},
  pages={012125},
  year={2017},
  publisher={APS}
}

@article{bray2002theory,
  title={Theory of phase-ordering kinetics},
  author={Bray, Alan J},
  journal={Advances in Physics},
  volume={51},
  number={2},
  pages={481--587},
  year={2002},
  doi={10.1080/00018739400101505}
  publisher={Taylor \& Francis}
}

@article{collura2010critical,
  title={Critical quench dynamics in confined systems},
  author={Collura, Mario and Karevski, Dragi},
  journal={Physical review letters},
  volume={104},
  number={20},
  pages={200601},
  year={2010},
  publisher={APS}
}

@article{panagopoulos2018dynamic,
  title={Dynamic scaling behavior at thermal first-order transitions in systems with disordered boundary conditions},
  author={Panagopoulos, Haralambos and Pelissetto, Andrea and Vicari, Ettore},
  journal={Physical Review D},
  volume={98},
  number={7},
  pages={074507},
  year={2018},
  publisher={APS}
}

@article{rossini2018ground,
  title={Ground-state fidelity at first-order quantum transitions},
  author={Rossini, Davide and Vicari, Ettore},
  journal={Physical Review E},
  volume={98},
  number={6},
  pages={062137},
  year={2018},
  publisher={APS}
}

@article{pelissetto2018finite,
  title={Finite-size scaling at first-order quantum transitions when boundary conditions favor one of the two phases},
  author={Pelissetto, Andrea and Rossini, Davide and Vicari, Ettore},
  journal={Physical Review E},
  volume={98},
  number={3},
  pages={032124},
  year={2018},
  publisher={APS}
}


@article{campostrini2015quantum,
  title={Quantum Ising chains with boundary fields},
  author={Campostrini, Massimo and Pelissetto, Andrea and Vicari, Ettore},
  journal={Journal of Statistical Mechanics: Theory and Experiment},
  volume={2015},
  number={11},
  pages={P11015},
  year={2015},
  publisher={IOP Publishing}
}

@article{pelissetto2023scaling,
  title={Scaling behaviors at quantum and classical first-order transitions},
  author={Plissetto, Andrea and Vicari, Ettore},
  journal={arXiv preprint arXiv:2302.08238},
  year={2023}
}

@article{pelissetto2020scaling,
  title={Scaling properties of the dynamics at first-order quantum transitions when boundary conditions favor one of the two phases},
  author={Pelissetto, Andrea and Rossini, Davide and Vicari, Ettore},
  journal={Physical Review E},
  volume={102},
  number={1},
  pages={012143},
  year={2020},
  publisher={APS}
}

@article{mccoy1978two,
  title={Two-dimensional Ising field theory in a magnetic field: Breakup of the cut in the two-point function},
  author={McCoy, Barry M and Wu, Tai Tsun},
  journal={Physical Review D},
  volume={18},
  number={4},
  pages={1259},
  year={1978},
  publisher={APS}
}
@article{delfino1996non,
  title={Non-integrable quantum field theories as perturbations of certain integrable models},
  author={Delfino, Gesualdo and Mussardo, Giuseppe and Simonetti, P},
  journal={Nuclear Physics B},
  volume={473},
  number={3},
  pages={469--508},
  year={1996},
  publisher={Elsevier}
}

@article{buyens2017real,
  title={Real-time simulation of the Schwinger effect with matrix product states},
  author={Buyens, Boye and Haegeman, Jutho and Hebenstreit, Florian and Verstraete, Frank and Van Acoleyen, Karel},
  journal={Physical Review D},
  volume={96},
  number={11},
  pages={114501},
  year={2017},
  publisher={APS}
}

@article{kuhn2015non,
  title={Non-Abelian string breaking phenomena with matrix product states},
  author={K{\"u}hn, Stefan and Zohar, Erez and Cirac, J Ignacio and Ba{\~n}uls, Mari Carmen},
  journal={Journal of High Energy Physics},
  volume={2015},
  number={7},
  pages={1--26},
  year={2015},
  publisher={Springer}
}




@article{chanda2020confinement,
  title={Confinement and lack of thermalization after quenches in the bosonic Schwinger model},
  author={Chanda, Titas and Zakrzewski, Jakub and Lewenstein, Maciej and Tagliacozzo, Luca},
  journal={Physical Review Letters},
  volume={124},
  number={18},
  pages={180602},
  year={2020},
  publisher={APS}
}

@article{tortora2020relaxation,
  title={Relaxation of the order-parameter statistics and dynamical confinement},
  author={Tortora, Riccardo Javier Valencia and Calabrese, Pasquale and Collura, Mario},
  journal={Europhysics Letters},
  volume={132},
  number={5},
  pages={50001},
  year={2020},
  publisher={IOP Publishing}
}
@article{zurek2005dynamics,
  title={Dynamics of a quantum phase transition},
  author={Zurek, Wojciech H and Dorner, Uwe and Zoller, Peter},
  journal={Physical review letters},
  volume={95},
  number={10},
  pages={105701},
  year={2005},
  publisher={APS}
}

@article{qiu2020observation,
  title={Observation of generalized Kibble-Zurek mechanism across a first-order quantum phase transition in a spinor condensate},
  author={Qiu, L-Y and Liang, H-Y and Yang, Y-B and Yang, H-X and Tian, T and Xu, Y and Duan, L-M},
  journal={Science advances},
  volume={6},
  number={21},
  pages={eaba7292},
  year={2020},
  publisher={American Association for the Advancement of Science}
}


@article{shimizu2018dynamics,
  title={Dynamics of first-order quantum phase transitions in extended Bose--Hubbard model: from density wave to superfluid and vice versa},
  author={Shimizu, Keita and Hirano, Takahiro and Park, Jonghoon and Kuno, Yoshihito and Ichinose, Ikuo},
  journal={New Journal of Physics},
  volume={20},
  number={8},
  pages={083006},
  year={2018},
  publisher={IOP Publishing}
}


@article{coulamy2017dynamics,
  title={Dynamics of the quantum search and quench-induced first-order phase transitions},
  author={Coulamy, Ivan B and Saguia, Andreia and Sarandy, Marcelo S},
  journal={Physical Review E},
  volume={95},
  number={2},
  pages={022127},
  year={2017},
  publisher={APS}
}

@article{sinha2021nonadiabatic,
  title={Nonadiabatic dynamics across a first-order quantum phase transition: Quantized bubble nucleation},
  author={Sinha, Aritra and Chanda, Titas and Dziarmaga, Jacek},
  journal={Physical Review B},
  volume={103},
  number={22},
  pages={L220302},
  year={2021},
  publisher={APS}
}


@article{dziarmaga2010dynamics,
  title={Dynamics of a quantum phase transition and relaxation to a steady state},
  author={Dziarmaga, Jacek},
  journal={Advances in Physics},
  volume={59},
  number={6},
  pages={1063--1189},
  year={2010},
  publisher={Taylor \& Francis}
}

@article{polkovnikov2005universal,
  title={Universal adiabatic dynamics in the vicinity of a quantum critical point},
  author={Polkovnikov, Anatoli},
  journal={Physical Review B},
  volume={72},
  number={16},
  pages={161201},
  year={2005},
  publisher={APS}
}

@article{vovrosh2022confinementb,
  title={Confinement-induced impurity states in spin chains},
  author={Vovrosh, Joseph and Zhao, Hongzheng and Knolle, Johannes and Bastianello, Alvise},
  journal={Physical Review B},
  volume={105},
  number={10},
  pages={L100301},
  year={2022},
  publisher={APS}
}



@article{vovrosh2022dynamical,
  title={Dynamical hadron formation in long-range interacting quantum spin chains},
  author={Vovrosh, Joseph and Mukherjee, Rick and Bastianello, Alvise and Knolle, Johannes},
  journal={PRX Quantum},
  volume={3},
  number={4},
  pages={040309},
  year={2022},
  publisher={APS}
}

@article{karpov2022spatiotemporal,
  title={Spatiotemporal dynamics of particle collisions in quantum spin chains},
  author={Karpov, PI and Zhu, G-Y and Heller, Michal P and Heyl, Markus},
  journal={Physical Review Research},
  volume={4},
  number={3},
  pages={L032001},
  year={2022},
  publisher={APS}
}


@article{vovrosh2022confinement,
  title={Confinement-induced impurity states in spin chains},
  author={Vovrosh, Joseph and Zhao, Hongzheng and Knolle, Johannes and Bastianello, Alvise},
  journal={Physical Review B},
  volume={105},
  number={10},
  pages={L100301},
  year={2022},
  publisher={APS}
}


@article{surace2021scattering,
  title={Scattering of mesons in quantum simulators},
  author={Surace, Federica Maria and Lerose, Alessio},
  journal={New Journal of Physics},
  volume={23},
  number={6},
  pages={062001},
  year={2021},
  publisher={IOP Publishing}
}


@article{rigobello2021entanglement,
  title={Entanglement generation in (1+ 1) D QED scattering processes},
  author={Rigobello, Marco and Notarnicola, Simone and Magnifico, Giuseppe and Montangero, Simone},
  journal={Physical Review D},
  volume={104},
  number={11},
  pages={114501},
  year={2021},
  publisher={APS}
}


@article{lerose2020quasilocalized,
  title={Quasilocalized dynamics from confinement of quantum excitations},
  author={Lerose, Alessio and Surace, Federica M and Mazza, Paolo P and Perfetto, Gabriele and Collura, Mario and Gambassi, Andrea},
  journal={Physical Review B},
  volume={102},
  number={4},
  pages={041118},
  year={2020},
  publisher={APS}
}


@article{vovrosh2021confinement,
  title={Confinement and entanglement dynamics on a digital quantum computer},
  author={Vovrosh, Joseph and Knolle, Johannes},
  journal={Scientific reports},
  volume={11},
  number={1},
  pages={11577},
  year={2021},
  publisher={Nature Publishing Group UK London}
}


@article{simon2011quantum,
  title={Quantum simulation of antiferromagnetic spin chains in an optical lattice},
  author={Simon, Jonathan and Bakr, Waseem S and Ma, Ruichao and Tai, M Eric and Preiss, Philipp M and Greiner, Markus},
  journal={Nature},
  volume={472},
  number={7343},
  pages={307--312},
  year={2011},
  publisher={Nature Publishing Group UK London}
}


@article{magnifico2020real,
  title={Real Time Dynamics and Confinement in the $$\backslash$mathbb $\{$Z$\}$ \_ $\{$n$\}$ $ Schwinger-Weyl lattice model for 1+ 1 QED},
  author={Magnifico, Giuseppe and Dalmonte, Marcello and Facchi, Paolo and Pascazio, Saverio and Pepe, Francesco V and Ercolessi, Elisa},
  journal={Quantum},
  volume={4},
  pages={281},
  year={2020},
  publisher={Verein zur F{\"o}rderung des Open Access Publizierens in den Quantenwissenschaften}
}
@article{pichler2016real,
  title={Real-time dynamics in U (1) lattice gauge theories with tensor networks},
  author={Pichler, Thomas and Dalmonte, Marcello and Rico, Enrique and Zoller, Peter and Montangero, Simone},
  journal={Physical Review X},
  volume={6},
  number={1},
  pages={011023},
  year={2016},
  publisher={APS}
}


@article{milsted2022collisions,
  title={Collisions of false-vacuum bubble walls in a quantum spin chain},
  author={Milsted, Ashley and Liu, Junyu and Preskill, John and Vidal, Guifre},
  journal={PRX Quantum},
  volume={3},
  number={2},
  pages={020316},
  year={2022},
  publisher={APS}
}
@article{rutkevich2008energy,
  title={Energy spectrum of bound-spinons in the quantum Ising spin-chain ferromagnet},
  author={Rutkevich, SB},
  journal={Journal of Statistical Physics},
  volume={131},
  pages={917--939},
  year={2008},
  publisher={Springer}
}
@article{yang2020observation,
  title={Observation of gauge invariance in a 71-site Bose--Hubbard quantum simulator},
  author={Yang, Bing and Sun, Hui and Ott, Robert and Wang, Han-Yi and Zache, Torsten V and Halimeh, Jad C and Yuan, Zhen-Sheng and Hauke, Philipp and Pan, Jian-Wei},
  journal={Nature},
  volume={587},
  number={7834},
  pages={392--396},
  year={2020},
  publisher={Nature Publishing Group UK London}
}
@article{martinez2016real,
  title={Real-time dynamics of lattice gauge theories with a few-qubit quantum computer},
  author={Martinez, Esteban A and Muschik, Christine A and Schindler, Philipp and Nigg, Daniel and Erhard, Alexander and Heyl, Markus and Hauke, Philipp and Dalmonte, Marcello and Monz, Thomas and Zoller, Peter and others},
  journal={Nature},
  volume={534},
  number={7608},
  pages={516--519},
  year={2016},
  publisher={Nature Publishing Group UK London}
}


@article{james2019nonthermal,
  title={Nonthermal states arising from confinement in one and two dimensions},
  author={James, Andrew JA and Konik, Robert M and Robinson, Neil J},
  journal={Physical review letters},
  volume={122},
  number={13},
  pages={130603},
  year={2019},
  publisher={APS}
}


@article{robinson2019signatures,
  title={Signatures of rare states and thermalization in a theory with confinement},
  author={Robinson, Neil J and James, Andrew JA and Konik, Robert M},
  journal={Physical Review B},
  volume={99},
  number={19},
  pages={195108},
  year={2019},
  publisher={APS}
}



@article{castro2020entanglement,
  title={Entanglement oscillations near a quantum critical point},
  author={Castro-Alvaredo, Olalla A and Lencs{\'e}s, M{\'a}t{\'e} and Sz{\'e}cs{\'e}nyi, Istv{\'a}n M and Viti, Jacopo},
  journal={Physical Review Letters},
  volume={124},
  number={23},
  pages={230601},
  year={2020},
  publisher={APS}
}


@article{lagnese2021false,
  title={False vacuum decay in quantum spin chains},
  author={Lagnese, Gianluca and Surace, Federica Maria and Kormos, M{\'a}rton and Calabrese, Pasquale},
  journal={Physical Review B},
  volume={104},
  number={20},
  pages={L201106},
  year={2021},
  publisher={APS}
}


@article{coldea2010quantum,
  title={Quantum criticality in an Ising chain: experimental evidence for emergent E8 symmetry},
  author={Coldea, Radu and Tennant, DA and Wheeler, EM and Wawrzynska, E and Prabhakaran, D and Telling, M and Habicht, K and Smeibidl, P and Kiefer, K},
  journal={Science},
  volume={327},
  number={5962},
  pages={177--180},
  year={2010},
  publisher={American Association for the Advancement of Science}
}


@article{fonseca2003ising,
  title={Ising field theory in a magnetic field: analytic properties of the free energy},
  author={Fonseca, P and Zamolodchikov, A},
  journal={Journal of statistical physics},
  volume={110},
  pages={527--590},
  year={2003},
  publisher={Springer}
}
@article{lake2010confinement,
  title={Confinement of fractional quantum number particles in a condensed-matter system},
  author={Lake, Bella and Tsvelik, Alexei M and Notbohm, Susanne and Alan Tennant, D and Perring, Toby G and Reehuis, Manfred and Sekar, Chinnathambi and Krabbes, Gernot and B{\"u}chner, Bernd},
  journal={Nature Physics},
  volume={6},
  number={1},
  pages={50--55},
  year={2010},
  publisher={Nature Publishing Group UK London}
}

@article{nigro2019competing,
  title={Competing coherent and dissipative dynamics close to quantum criticality},
  author={Nigro, Davide and Rossini, Davide and Vicari, Ettore},
  journal={Physical Review A},
  volume={100},
  number={5},
  pages={052108},
  year={2019},
  publisher={APS}
}
@article{di2020dissipative,
  title={Dissipative dynamics at first-order quantum transitions},
  author={Di Meglio, Giovanni and Rossini, Davide and Vicari, Ettore},
  journal={Physical Review B},
  volume={102},
  number={22},
  pages={224302},
  year={2020},
  publisher={APS}
}
@article{pelissetto2018out,
  title={Out-of-equilibrium dynamics driven by localized time-dependent perturbations at quantum phase transitions},
  author={Pelissetto, Andrea and Rossini, Davide and Vicari, Ettore},
  journal={Physical Review B},
  volume={97},
  number={9},
  pages={094414},
  year={2018},
  publisher={APS}
}

@article{tarantelli2022out,
  title={Out-of-equilibrium dynamics arising from slow round-trip variations of Hamiltonian parameters across quantum and classical critical points},
  author={Tarantelli, Francesco and Vicari, Ettore},
  journal={Physical Review B},
  volume={105},
  number={23},
  pages={235124},
  year={2022},
  publisher={APS}
}

@article{rossini2019scaling,
  title={Scaling behavior of the stationary states arising from dissipation at continuous quantum transitions},
  author={Rossini, Davide and Vicari, Ettore},
  journal={Physical Review B},
  volume={100},
  number={17},
  pages={174303},
  year={2019},
  publisher={APS}
}

@article{rossini2020dynamic,
  title={Dynamic Kibble-Zurek scaling framework for open dissipative many-body systems crossing quantum transitions},
  author={Rossini, Davide and Vicari, Ettore},
  journal={Physical Review Research},
  volume={2},
  number={2},
  pages={023211},
  year={2020},
  publisher={APS}
}


@article{scopa2018dynamical,
  title={Dynamical off-equilibrium scaling across magnetic first-order phase transitions},
  author={Scopa, Stefano and Wald, Sascha},
  journal={Journal of Statistical Mechanics: Theory and Experiment},
  volume={2018},
  number={11},
  pages={113205},
  year={2018},
  publisher={IOP Publishing}
}

@article{pelissetto2016off,
  title={Off-equilibrium scaling behaviors driven by time-dependent external fields in three-dimensional O (N) vector models},
  author={Pelissetto, Andrea and Vicari, Ettore},
  journal={Physical Review E},
  volume={93},
  number={3},
  pages={032141},
  year={2016},
  publisher={APS}
}


@article{campostrini2014finite,
  title={Finite-size scaling at first-order quantum transitions},
  author={Campostrini, Massimo and Nespolo, Jacopo and Pelissetto, Andrea and Vicari, Ettore},
  journal={Physical review letters},
  volume={113},
  number={7},
  pages={070402},
  year={2014},
  publisher={APS}
}

@article{plissetto2023scaling,
  title={Scaling behaviors at quantum and classical first-order transitions},
  author={Plissetto, Andrea and Vicari, Ettore},
  journal={arXiv preprint arXiv:2302.08238},
  year={2023}
}

@article{campostrini2015finite,
  title={Finite-size scaling at the first-order quantum transitions of quantum Potts chains},
  author={Campostrini, Massimo and Nespolo, Jacopo and Pelissetto, Andrea and Vicari, Ettore},
  journal={Physical Review E},
  volume={91},
  number={5},
  pages={052103},
  year={2015},
  publisher={APS}
}

@article{cabrera1987role,
  title={Role of boundary conditions in the finite-size Ising model},
  author={Cabrera, GG and Jullien, R},
  journal={Physical Review B},
  volume={35},
  number={13},
  pages={7062},
  year={1987},
  publisher={APS}
}


@article{fontana2019scaling,
  title={Scaling behavior of Ising systems at first-order transitions},
  author={Fontana, Pierpaolo},
  journal={Journal of Statistical Mechanics: Theory and Experiment},
  volume={2019},
  number={6},
  pages={063206},
  year={2019},
  publisher={IOP Publishing}
}

@article{scopa2022entanglement,
  title={Entanglement dynamics in confining spin chains},
  author={Scopa, Stefano and Calabrese, Pasquale and Bastianello, Alvise},
  journal={Physical Review B},
  volume={105},
  number={12},
  pages={125413},
  year={2022},
  publisher={APS}
}

@article{kormos2017real,
  title={Real-time confinement following a quantum quench to a non-integrable model},
  author={Kormos, Marton and Collura, Mario and Tak{\'a}cs, Gabor and Calabrese, Pasquale},
  journal={Nature Physics},
  volume={13},
  number={3},
  pages={246--249},
  year={2017},
  publisher={Nature Publishing Group UK London}
}

@article{birnkammer2022prethermalization,
  title={Prethermalization in one-dimensional quantum many-body systems with confinement},
  author={Birnkammer, Stefan and Bastianello, Alvise and Knap, Michael},
  journal={Nature Communications},
  volume={13},
  number={1},
  pages={7663},
  year={2022},
  publisher={Nature Publishing Group UK London}
}


@article{surace2020lattice,
  title={Lattice gauge theories and string dynamics in Rydberg atom quantum simulators},
  author={Surace, Federica M and Mazza, Paolo P and Giudici, Giuliano and Lerose, Alessio and Gambassi, Andrea and Dalmonte, Marcello},
  journal={Physical Review X},
  volume={10},
  number={2},
  pages={021041},
  year={2020},
  publisher={APS}
}

@article{lerose2020quasilocalized,
  title={Quasilocalized dynamics from confinement of quantum excitations},
  author={Lerose, Alessio and Surace, Federica M and Mazza, Paolo P and Perfetto, Gabriele and Collura, Mario and Gambassi, Andrea},
  journal={Physical Review B},
  volume={102},
  number={4},
  pages={041118},
  year={2020},
  publisher={APS}
}

@article{lagnese2021false,
  title={False vacuum decay in quantum spin chains},
  author={Lagnese, Gianluca and Surace, Federica Maria and Kormos, M{\'a}rton and Calabrese, Pasquale},
  journal={Physical Review B},
  volume={104},
  number={20},
  pages={L201106},
  year={2021},
  publisher={APS}
}

@article{surace2021scattering,
  title={Scattering of mesons in quantum simulators},
  author={Surace, Federica Maria and Lerose, Alessio},
  journal={New Journal of Physics},
  volume={23},
  number={6},
  pages={062001},
  year={2021},
  publisher={IOP Publishing}
}


@article{lagnese2022quenches,
  title={Quenches and confinement in a heisenberg--ising spin ladder},
  author={Lagnese, Gianluca and Surace, Federica Maria and Kormos, M{\'a}rton and Calabrese, Pasquale},
  journal={Journal of Physics A: Mathematical and Theoretical},
  volume={55},
  number={12},
  pages={124003},
  year={2022},
  publisher={IOP Publishing}
}

@article{vovrosh2022confinement,
  title={Confinement-induced impurity states in spin chains},
  author={Vovrosh, Joseph and Zhao, Hongzheng and Knolle, Johannes and Bastianello, Alvise},
  journal={Physical Review B},
  volume={105},
  number={10},
  pages={L100301},
  year={2022},
  publisher={APS}
}

@article{vovrosh2022dynamical,
  title={Dynamical hadron formation in long-range interacting quantum spin chains},
  author={Vovrosh, Joseph and Mukherjee, Rick and Bastianello, Alvise and Knolle, Johannes},
  journal={PRX Quantum},
  volume={3},
  number={4},
  pages={040309},
  year={2022},
  publisher={APS}
}

@article{binder1987theory,
  title={Theory of first-order phase transitions},
  author={Binder, Kurt},
  journal={Reports on progress in physics},
  volume={50},
  number={7},
  pages={783},
  year={1987},
  publisher={IOP Publishing}
}


@article{cui2020experimentally,
  title={Experimentally testing quantum critical dynamics beyond the Kibble--Zurek mechanism},
  author={Cui, Jin-Ming and G{\'o}mez-Ruiz, Fernando Javier and Huang, Yun-Feng and Li, Chuan-Feng and Guo, Guang-Can and del Campo, Adolfo},
  journal={Communications Physics},
  volume={3},
  number={1},
  pages={44},
  year={2020},
  publisher={Nature Publishing Group UK London}
}

@article{mukherjee2020universal,
  title={Universal finite-time thermodynamics of many-body quantum machines from Kibble-Zurek scaling},
  author={Mukherjee, Victor and Divakaran, Uma and del Campo, Adolfo and others},
  journal={Physical Review Research},
  volume={2},
  number={4},
  pages={043247},
  year={2020},
  publisher={APS}
}

@article{liu2020kibble,
  title={Kibble-Zurek dynamics in a trapped ultracold Bose gas},
  author={Liu, I-Kang and Dziarmaga, Jacek and Gou, Shih-Chuan and Dalfovo, Franco and Proukakis, Nick P},
  journal={Physical Review Research},
  volume={2},
  number={3},
  pages={033183},
  year={2020},
  publisher={APS}
}


@article{chandran2012kibble,
  title={Kibble-Zurek problem: Universality and the scaling limit},
  author={Chandran, Anushya and Erez, Amir and Gubser, Steven S and Sondhi, Shivaji L},
  journal={Physical Review B},
  volume={86},
  number={6},
  pages={064304},
  year={2012},
  publisher={APS}
}


@article{dutta2016anti,
  title={Anti-Kibble-Zurek behavior in crossing the quantum critical point of a thermally isolated system driven by a noisy control field},
  author={Dutta, Anirban and Rahmani, Armin and Del Campo, Adolfo},
  journal={Physical review letters},
  volume={117},
  number={8},
  pages={080402},
  year={2016},
  publisher={APS}
}


@article{zeng2023universal,
  title={Universal breakdown of kibble-zurek scaling in fast quenches across a phase transition},
  author={Zeng, Hua-Bi and Xia, Chuan-Yin and Del Campo, Adolfo},
  journal={Physical Review Letters},
  volume={130},
  number={6},
  pages={060402},
  year={2023},
  publisher={APS}
}



@ARTICLE{PF70,
       author = {{Pfeuty}, Pierre},
        title = "{The one-dimensional Ising model with a transverse field}",
      journal = {Annals of Physics},
         year = 1970,
        month = mar,
       volume = {57},
       number = {1},
        pages = {79-90},
          doi = {10.1016/0003-4916(70)90270-8},
       adsurl = {https://ui.adsabs.harvard.edu/abs/1970AnPhy..57...79P},
      adsnote = {Provided by the SAO/NASA Astrophysics Data System}
}

@book{S99,
year = {1999},
number = {4},
author = {Subir Sachdev},
title = {Quantum phase transitions},
journal = {Physics World},
publisher = {Cambridge University Press},
}

@book{P90,
  title={Finite size scaling and numerical simulation of statistical systems},
  author={Privman, Vladimir},
  year={1990},
  publisher={World Scientific}
}

@article{Nienhuis75,
  title={First-order phase transitions in renormalization-group theory},
  author={Nienhuis, B and Nauenberg, M},
  journal={Physical Review Letters},
  volume={35},
  number={8},
  pages={477},
  year={1975},
  publisher={APS}
}



@article{Fisher82,
  title={Scaling for first-order phase transitions in thermodynamic and finite systems},
  author={Fisher, Michael E and Berker, A Nihat},
  journal={Physical Review B},
  volume={26},
  number={5},
  pages={2507},
  year={1982},
  publisher={APS}
}

@article{PrivmanFisher85,
  title={Finite-size rounding of first-order transitions},
  author={Privman, Vladimar and Fisher, Michael E},
  journal={Journal of Applied Physics},
  volume={57},
  number={8},
  pages={3327--3328},
  year={1985},
  publisher={American Institute of Physics}
}

@article{FisherPrivman85,
  title={First-order transitions breaking O (n) symmetry: finite-size scaling},
  author={Fisher, Michael E and Privman, Vladimir},
  journal={Physical Review B},
  volume={32},
  number={1},
  pages={447},
  year={1985},
  publisher={APS}
}



@article{landau1932theorie,
  title={Zur theorie der energieubertragung ii},
  author={Landau, Lev Davidovich},
  journal={Z. Sowjetunion},
  volume={2},
  pages={46--51},
  year={1932}
}

@article{zener1932non,
  title={Non-adiabatic crossing of energy levels},
  author={Zener, Clarence},
  journal={Proceedings of the Royal Society of London. Series A, Containing Papers of a Mathematical and Physical Character},
  volume={137},
  number={833},
  pages={696--702},
  year={1932},
  publisher={The Royal Society London}
}



@article{shimizu2018dynamics,
  title={Dynamics of first-order quantum phase transitions in extended Bose--Hubbard model: from density wave to superfluid and vice versa},
  author={Shimizu, Keita and Hirano, Takahiro and Park, Jonghoon and Kuno, Yoshihito and Ichinose, Ikuo},
  journal={New Journal of Physics},
  volume={20},
  number={8},
  pages={083006},
  year={2018},
  publisher={IOP Publishing}
}
